<?xml version="1.0" encoding="UTF-8"?><collection xmlns="http://www.loc.gov/MARC21/slim"><record><leader>00515nam--2200157-i-4500</leader><controlfield tag="001">000046926</controlfield><controlfield tag="002">20161230</controlfield><controlfield tag="005">20170128171619</controlfield><controlfield tag="008">060222s1000------------r-----000-0-eng-d</controlfield><datafield ind1=" " ind2=" " tag="080"><subfield code="a">621.039.512.45(047.1):681.3.06(047.1)</subfield></datafield><datafield ind1=" " ind2=" " tag="100"><subfield code="a">Wasastjerna, Frej</subfield></datafield><datafield ind1=" " ind2=" " tag="245"><subfield code="a">A method of calculating boundary conditions at the surface of a control assembly in a vver-type reactor</subfield></datafield><datafield ind1=" " ind2=" " tag="260"><subfield code="a">Otaniemi</subfield><subfield code="b">Technical Research Centre Of Finland</subfield><subfield code="c">1974</subfield></datafield><datafield ind1=" " ind2=" " tag="300"><subfield code="a">35 p.+10 fig</subfield></datafield><datafield ind1=" " ind2=" " tag="852"><subfield code="a">40779</subfield></datafield><datafield ind1=" " ind2=" " tag="CAT"><subfield code="a">SYS</subfield><subfield code="c">20170128</subfield><subfield code="h">171619</subfield></datafield></record></collection>